@misc{ wiki,
       author = "Wikipedia",
       title = "Atharvaveda",
       howpublished = "\url{https://en.wikipedia.org/wiki/Atharvaveda}" }

@misc{ vedic,
		author = {Krishna Maheshwari},
  		title = {{Mathematics of the Vedas}},
		howpublished = "\url{http://www.hindupedia.com/en/Mathematics_of_the_Vedas}"}

@misc{ mul1,
		author = {TR Smith},
  		title = {{Multiply 2-Digit Numbers with the Same First Digit, and Last Digits That Sum to 10}},
		howpublished = "\url{http://hubpages.com/education/Mental-Math-Multiply-2-Digit-Numbers-Same-First-Digit-Last-Digits-Sum-10}",
		year = "2013"}

@misc{ mul2,
		author = {Anonymous},
  		title = {{Maths Trick Shortcut}},
		howpublished = "\href{http://www.m4maths.com/maths-trick-18-Multiplication-of-2-two-digit-numbers-where-the-first-digit-of-both-the-numbers-are-same-and-the-last-digit-of-the-two-numbers-sum-to-10-.html}{http://www.m4maths.com/maths-trick-18-Multiplication-of-2-two-digit-numbers}"}

@misc{ wikib,
       author = "Wikibooks",
       title = "Vedic Mathematics Techniques",
       howpublished = "\url{https://en.wikibooks.org/wiki/Vedic_Mathematics/Techniques/Multiplication}" }

@misc{ fraud,
		author = {Hartosh Singh Bal},
  		title = {{The Fraud of Vedic Maths}},
		howpublished = "\url{http://www.openthemagazine.com/article/art-culture/the-fraud-of-vedic-maths}",
		year = "2010"}
